<record><leader>00000cas a22000007a 4500</leader><controlfield tag="001">20967426</controlfield><controlfield tag="008">900129d19441976aruwr ne      0    0eng d</controlfield><datafield ind1=" " ind2=" " tag="010"><subfield code="a">sn 90050019 </subfield></datafield><datafield ind1=" " ind2=" " tag="040"><subfield code="a">ANU</subfield><subfield code="b">eng</subfield><subfield code="c">ANU</subfield><subfield code="d">OCLCQ</subfield></datafield><datafield ind1=" " ind2=" " tag="042"><subfield code="a">msc</subfield></datafield><datafield ind1="0" ind2=" " tag="130"><subfield code="a">Salem headlight (Salem, Ark. : 1944)</subfield></datafield><datafield ind1="1" ind2="4" tag="245"><subfield code="a">The Salem headlight.</subfield></datafield><datafield ind1="1" ind2="3" tag="246"><subfield code="a">Sharp County informer</subfield></datafield><datafield ind1=" " ind2=" " tag="260"><subfield code="a">Salem, Ark. :</subfield><subfield code="b">Tom Shell and N.P. Ford</subfield></datafield><datafield ind1=" " ind2=" " tag="300"><subfield code="a">v.</subfield></datafield><datafield ind1=" " ind2=" " tag="310"><subfield code="a">Weekly</subfield></datafield><datafield ind1="0" ind2=" " tag="362"><subfield code="a">Vol. 20, no. 19 (Feb. 11, 1944)-v. 97, no. 5 (Sept. 16, 1976).</subfield></datafield><datafield ind1=" " ind2=" " tag="500"><subfield code="a">From Mar. 9, 1967-Feb. 26, 1970 the Salem Headlight published the Sharp County Informer, a section that was devoted to news concerning Sharp County.</subfield></datafield><datafield ind1=" " ind2=" " tag="515"><subfield code="a">Numbering is irregular.</subfield></datafield><datafield ind1=" " ind2=" " tag="752"><subfield code="a">United States</subfield><subfield code="b">Arkansas</subfield><subfield code="c">Fulton</subfield><subfield code="d">Salem.</subfield></datafield><datafield ind1=" " ind2=" " tag="752"><subfield code="a">United States</subfield><subfield code="b">Arkansas</subfield><subfield code="c">Sharp.</subfield></datafield><datafield ind1="0" ind2="0" tag="780"><subfield code="t">Headlight (Salem, Ark.)</subfield><subfield code="w">(DLC)sn 90050016</subfield></datafield><datafield ind1="0" ind2="7" tag="785"><subfield code="t">Democrat (Mammoth Spring, Ark. : 1964)</subfield><subfield code="w">(DLC)sn 90050020</subfield></datafield><datafield ind1="0" ind2="7" tag="785"><subfield code="t">Fulton County headlight-Democrat</subfield><subfield code="w">(DLC)sn 90050011</subfield></datafield></record>